<record><leader>00000cas a22000007a 4500</leader><controlfield tag="001">2267641</controlfield><controlfield tag="008">760620c19689999pauwr ne      0   a0eng d</controlfield><datafield ind1=" " ind2=" " tag="010"><subfield code="a">sn 87078346 </subfield></datafield><datafield ind1=" " ind2=" " tag="040"><subfield code="a">PIT</subfield><subfield code="b">eng</subfield><subfield code="c">PIT</subfield><subfield code="d">NPH</subfield><subfield code="d">NSD</subfield><subfield code="d">OCLCQ</subfield></datafield><datafield ind1=" " ind2=" " tag="012"><subfield code="m">1</subfield></datafield><datafield ind1="1" ind2=" " tag="022"><subfield code="a">1047-0697</subfield><subfield code="l">1047-0697</subfield><subfield code="2">1</subfield></datafield><datafield ind1="1" ind2=" " tag="029"><subfield code="a">AU@</subfield><subfield code="b">000025806468</subfield></datafield><datafield ind1=" " ind2=" " tag="032"><subfield code="a">610540</subfield><subfield code="b">USPS</subfield></datafield><datafield ind1=" " ind2=" " tag="037"><subfield code="b">Sewickley Herald, 509 Hegner Way, Sewickley, PA 15143</subfield></datafield><datafield ind1=" " ind2=" " tag="042"><subfield code="a">msc</subfield><subfield code="a">nsdp</subfield></datafield><datafield ind1="0" ind2=" " tag="130"><subfield code="a">Sewickley herald (Sewickley, Pa. : 1968)</subfield></datafield><datafield ind1=" " ind2="4" tag="222"><subfield code="a">The Sewickley herald</subfield><subfield code="b">(1968)</subfield></datafield><datafield ind1="0" ind2="4" tag="245"><subfield code="a">The Sewickley herald.</subfield></datafield><datafield ind1="1" ind2="3" tag="246"><subfield code="a">Sewickley herald, the record</subfield></datafield><datafield ind1=" " ind2=" " tag="260"><subfield code="a">Sewickley, Pa. :</subfield><subfield code="b">Sewickley Print. Shop,</subfield><subfield code="c">1968-</subfield></datafield><datafield ind1=" " ind2=" " tag="300"><subfield code="a">v. :</subfield><subfield code="b">ill. ;</subfield><subfield code="c">44 cm.</subfield></datafield><datafield ind1=" " ind2=" " tag="310"><subfield code="a">Weekly</subfield></datafield><datafield ind1="0" ind2=" " tag="362"><subfield code="a">Vol. 69, no. 6 (Feb. 8, 1968)-</subfield></datafield><datafield ind1=" " ind2=" " tag="500"><subfield code="a">"Serving Aleppo, Bell Acres, Edgeworth, Glenfield, Haysville, Leet Township, Leetsdale, Osborne, Sewickley, Sewickley Heights, Sewickley Hills," &lt;1985&gt;</subfield></datafield><datafield ind1=" " ind2=" " tag="500"><subfield code="a">Published: Monroeville, Pa. : Gateway Publications, &lt;1982-&gt;</subfield></datafield><datafield ind1=" " ind2=" " tag="752"><subfield code="a">United States</subfield><subfield code="b">Pennsylvania</subfield><subfield code="c">Allegheny</subfield><subfield code="d">Sewickley.</subfield></datafield><datafield ind1=" " ind2=" " tag="752"><subfield code="a">United States</subfield><subfield code="b">Pennsylvania</subfield><subfield code="c">Allegheny</subfield><subfield code="d">Monroeville.</subfield></datafield><datafield ind1="0" ind2="0" tag="780"><subfield code="t">Herald (Sewickley, Pa. : 1955)</subfield><subfield code="w">(DLC)sn 88079236</subfield></datafield><datafield ind1=" " ind2=" " tag="936"><subfield code="a">Vol. 86, no. 38 (Wednesday, Sept. 20, 1989) LIC</subfield></datafield></record>